                        %----- ARTICLES -----%
% 01_article - L02
@unpublished{rm_01_L02_fruit_yield_quality,
  author       = {Torben Toldam-Andersen},
  title        = {FRUIT YIELD AND QUALITY. COMPONENTS AND DETERMINANTS},
  date         = {2010},
  institution  = {University of Copenhagen},
  note         = {Based on Hansen 1995}
}

% 02_article - L03
@unpublished{rm_02_L03_buds_bud_development,
  author = {Torben Toldam-Andersen},
  title = {BUDS AND BUD DEVELOPMENT.},
  year = {2010},
  note = {Based on Hansen 1995}
}

% 03_article - L04
@unpublished{rm_03_L04_flower_bud_formation,
  author = {Torben Toldam-Andersen},
  title = {CHAPTER 2 Flower bud formation, flower development and flowering},
  year = {2011},
  note = {Based on Hansen 1995}
}

% 04_article - L05
@article{rm_04_L05_model_predict_pollen_season,
  author = {Torben B. Andersen},
  title = {A model to predict the beginning of the pollen season},
  journal = {Grana},
  year = {1991},
  volume = {30},
  issue = {1},
  pages = {269-275},
  doi = {10.1080/00173139109427810}
}



                        %----- SLIDES -----%
% 01_slides - 



            %--- BOOKS ---%
% 01_book - Dairy Science and Technology
@book{curr_rm_01_dairy_science_technology,
  author    = {P. Walstra and J.T.M. Wouters and T.J. Geurts},
  title     = {Dairy Science and Technology},
  edition   = {2},
  year      = {2005},
  publisher = {CRC Press},
  doi       = {10.1201/9781420028010},
  url       = {https://doi-org.ep.fjernadgang.kb.dk/10.1201/9781420028010}
}


% 02_book - L06 Physiology of temperate zone fruit trees
@book{rmb_01_physiology_temperate_zone_fruit_trees,
  title={Physiology of temperate zone fruit trees.},
  author={Faust, Miklos},
  year={1989}
}